@inproceedings{touist-ttl2015,
  author    = {Ben Slimane, Skander and Comte, Alexis and Gasquet, Olivier and  Heba, Abdelwahab and Lezaud, Olivier and Maris, Fr\'{e}d\'{e}ric and Valais, Ma\"{e}l},
  title     = {{Twist your Logic with TouIST}},
  booktitle = {{Proceedings of 4$^{th}$ International Conference on Tools for Teaching Logic (TTL’2015), June 9-12, 2015, Rennes, France}},
  year      = {2015}
}

@inproceedings{touist-iaf2015,
  author    = {Ben Slimane, Skander and Comte, Alexis and Gasquet, Olivier and  Heba, Abdelwahab and Lezaud, Olivier and Maris, Fr\'{e}d\'{e}ric and Valais, Ma\"{e}l},
  title     = {{La logique facile avec TouIST (formalisez et r\'{e}solvez facilement des probl\`{e}mes r\'{e}el)}},
  booktitle = {{Actes des 9$^{es}$ Journ\'ees d’Intelligence Artificielle Fondamentale (IAF'2015), 29 Juin-1$^{er}$ Juillet, 2015, Rennes, France}},
  year      = {2015}
}


@inproceedings{kautzS92_planning_sat,
  author    = {Henry A. Kautz and
               Bart Selman},
  title     = {Planning as Satisfiability},
  booktitle = {{ECAI}},
  pages     = {359--363},
  year      = {1992},
  biburl    = {http://dblp.uni-trier.de/rec/bib/conf/ecai/KautzS92},
  bibsource = {dblp computer science bibliography, http://dblp.org}
}

@inproceedings{MaliK99_plan_space_encodings,
  author    = {Amol Dattatraya Mali and
               Subbarao Kambhampati},
  title     = {On the utility of Plan-space (Causal) Encodings},
  booktitle = {Proceedings of the Sixteenth National Conference on Artificial Intelligence
               and Eleventh Conference on Innovative Applications of Artificial Intelligence,
               July 18-22, 1999, Orlando, Florida, {USA.}},
  pages     = {557--563},
  year      = {1999},
  crossref  = {DBLP:conf/aaai/1999},
  url       = {http://www.aaai.org/Library/AAAI/1999/aaai99-079.php},
  timestamp = {Tue, 11 Dec 2012 12:57:22 +0100},
  biburl    = {http://dblp.uni-trier.de/rec/bib/conf/aaai/MaliK99},
  bibsource = {dblp computer science bibliography, http://dblp.org}
}

@proceedings{DBLP:conf/aaai/1999,
  editor    = {Jim Hendler and
               Devika Subramanian},
  title     = {Proceedings of the Sixteenth National Conference on Artificial Intelligence
               and Eleventh Conference on Innovative Applications of Artificial Intelligence,
               July 18-22, 1999, Orlando, Florida, {USA}},
  publisher = {{AAAI} Press / The {MIT} Press},
  year      = {1999},
  url       = {http://www.aaai.org/Conferences/AAAI/aaai99.php},
  isbn      = {0-262-51106-1},
  timestamp = {Thu, 01 Dec 2011 17:16:21 +0100},
  biburl    = {http://dblp.uni-trier.de/rec/bib/conf/aaai/1999},
  bibsource = {dblp computer science bibliography, http://dblp.org}
}


@article{Rintanen:2006,
  author    = {Jussi Rintanen and
               Keijo Heljanko and
               Ilkka Niemel{\"{a}}},
  title     = {Planning as satisfiability: parallel plans and algorithms for plan
               search},
  journal   = {Artif. Intell.},
  volume    = {170},
  number    = {12-13},
  pages     = {1031--1080},
  year      = {2006},
  url       = {http://dx.doi.org/10.1016/j.artint.2006.08.002},
  doi       = {10.1016/j.artint.2006.08.002},
  timestamp = {Fri, 17 Nov 2006 15:50:34 +0100},
  biburl    = {http://dblp.uni-trier.de/rec/bib/journals/ai/RintanenHN06},
  bibsource = {dblp computer science bibliography, http://dblp.org}
}

@inproceedings{MarisRegnier08,
  author    = {Frederic Maris and
               Pierre R{\'{e}}gnier},
  title     = {{TLP-GP:} New Results on Temporally-Expressive Planning Benchmarks},
  booktitle = {20th {IEEE} International Conference on Tools with Artificial Intelligence
               {(ICTAI} 2008), November 3-5, 2008, Dayton, Ohio, USA, Volume 1},
  pages     = {507--514},
  year      = {2008},
  crossref  = {DBLP:conf/ictai/2008-1},
  url       = {http://dx.doi.org/10.1109/ICTAI.2008.90},
  doi       = {10.1109/ICTAI.2008.90},
  timestamp = {Thu, 18 Dec 2014 16:57:42 +0100},
  biburl    = {http://dblp.uni-trier.de/rec/bib/conf/ictai/MarisR08},
  bibsource = {dblp computer science bibliography, http://dblp.org}
}

@proceedings{DBLP:conf/ictai/2008-1,
  title     = {20th {IEEE} International Conference on Tools with Artificial Intelligence
               {(ICTAI} 2008), November 3-5, 2008, Dayton, Ohio, USA, Volume 1},
  publisher = {{IEEE} Computer Society},
  year      = {2008},
  url       = {http://ieeexplore.ieee.org/xpl/tocresult.jsp?isnumber=4669656},
  isbn      = {978-0-7695-3440-4},
  timestamp = {Thu, 18 Dec 2014 16:57:42 +0100},
  biburl    = {http://dblp.uni-trier.de/rec/bib/conf/ictai/2008-1},
  bibsource = {dblp computer science bibliography, http://dblp.org}
}

@article{DBLP:journals/corr/SlimaneCGHLMV15,
  author    = {Khaled Skander Ben Slimane and
               Alexis Comte and
               Olivier Gasquet and
               Abdelwahab Heba and
               Olivier Lezaud and
               Frederic Maris and
               Mael Valais},
  title     = {Twist your logic with TouIST},
  journal   = {CoRR},
  volume    = {abs/1507.03663},
  year      = {2015},
  url       = {http://arxiv.org/abs/1507.03663},
  timestamp = {Wed, 07 Jun 2017 14:41:55 +0200},
  biburl    = {http://dblp.uni-trier.de/rec/bib/journals/corr/SlimaneCGHLMV15},
  bibsource = {dblp computer science bibliography, http://dblp.org}
}

@INCOLLECTION{GaScSt2011,
  author =       {Gasquet, Olivier and Schwarzentruber, Fran{\c{c}}ois and Strecker, Martin},
  title =        {Satoulouse: The Computational Power of Propositional Logic Shown to Beginners},
  booktitle =    {Tools for Teaching Logic: Third International Congress, TICTTL 2011, Salamanca, Spain, June 1-4, 2011. Proceedings},
  publisher =    {Springer},
  year =         {2011},
  editor =       {Blackburn, Patrick and van Ditmarsch, Hans and Manzano, Mar{\'i}a and Soler-Toscano, Fernando},
  pages =        {77--84},
  address = {Berlin, Heidelberg},
  isbn    = {978-3-642-21350-2},
  doi= {10.1007/978-3-642-21350-2_10},
  url= {http://dx.doi.org/10.1007/978-3-642-21350-2_10}
}


@inproceedings{Stockmeyer:1973:WPR:800125.804029,
 author = {Stockmeyer, L. J. and Meyer, A. R.},
 title = {Word Problems Requiring Exponential Time(Preliminary Report)},
 booktitle = {Proceedings of the Fifth Annual ACM Symposium on Theory of Computing},
 series = {STOC '73},
 year = {1973},
 location = {Austin, Texas, USA},
 pages = {1--9},
 numpages = {9},
 url = {http://doi.acm.org/10.1145/800125.804029},
 doi = {10.1145/800125.804029},
 acmid = {804029},
 publisher = {ACM},
 address = {New York, NY, USA},
}

@book{DBLP:series/txtcs/KroeningS16,
  author    = {Daniel Kroening and
               Ofer Strichman},
  title     = {Decision Procedures - An Algorithmic Point of View, Second Edition},
  series    = {Texts in Theoretical Computer Science. An {EATCS} Series},
  publisher = {Springer},
  year      = {2016},
  url       = {https://doi.org/10.1007/978-3-662-50497-0},
  doi       = {10.1007/978-3-662-50497-0},
  isbn      = {978-3-662-50496-3},
  timestamp = {Tue, 16 May 2017 14:24:38 +0200},
  biburl    = {http://dblp.uni-trier.de/rec/bib/series/txtcs/KroeningS16},
  bibsource = {dblp computer science bibliography, http://dblp.org}
}

@inproceedings{Biere:2004:RE:2103144.2103150,
 author = {Biere, Armin},
 title = {Resolve and Expand},
 booktitle = {Proceedings of the 7th International Conference on Theory and Applications of Satisfiability Testing},
 series = {SAT'04},
 year = {2005},
 isbn = {3-540-27829-X, 978-3-540-27829-0},
 location = {Vancouver, BC, Canada},
 pages = {59--70},
 numpages = {12},
 url = {http://dx.doi.org/10.1007/11527695_5},
 doi = {10.1007/11527695_5},
 acmid = {2103150},
 publisher = {Springer-Verlag},
 address = {Berlin, Heidelberg},
} 